%% This BibTeX bibliography file was created using BibDesk.
%% http://bibdesk.sourceforge.net/

%% Created for Isabelly Rocha at 2017-11-06 09:15:05 +0100 


%% Saved with string encoding Unicode (UTF-8) 



@book{quine1933collected,
	Author = {Peirce, Charles Sanders},
	Date-Added = {2017-11-06 08:14:46 +0000},
	Date-Modified = {2017-11-06 08:15:00 +0000},
	Publisher = {Harvard University Press},
	Title = {Collected papers of charles sanders peirce},
	Volume = {5},
	Year = {1974}}

@article{:aa,
	Date-Added = {2017-11-06 08:04:01 +0000},
	Date-Modified = {2017-11-06 08:04:01 +0000}}

@inproceedings{dietz2013computational,
	Author = {Dietz, Emmanuelle-Anna and H{\"o}lldobler, Steffen and Ragni, Marco},
	Booktitle = {Proceedings of the 11th International Symposium on Logical Formalizations of Commonsense Reasoning, COMMONSENSE},
	Date-Added = {2017-10-26 16:16:25 +0000},
	Date-Modified = {2017-10-26 16:16:25 +0000},
	Title = {A computational logic approach to the abstract and the social case of the selection task},
	Year = {2013}}

@book{evans2013reasoning,
	Author = {Evans, Jonathan St BT},
	Date-Added = {2017-10-26 13:06:20 +0000},
	Date-Modified = {2017-10-26 13:06:20 +0000},
	Publisher = {Psychology Press},
	Title = {Reasoning, rationality and dual processes: Selected works of Jonathan St BT Evans},
	Year = {2013}}

@article{cox1982effects,
	Author = {Cox, James R and Griggs, Richard A},
	Date-Added = {2017-10-26 11:19:36 +0000},
	Date-Modified = {2017-10-26 11:19:36 +0000},
	Journal = {Memory \& Cognition},
	Number = {5},
	Pages = {496--502},
	Publisher = {Springer},
	Title = {The effects of experience on performance in Wason's selection task},
	Volume = {10},
	Year = {1982}}

@incollection{strube1992role,
	Author = {Strube, Gerhard},
	Booktitle = {Contemporary knowledge engineering and cognition},
	Date-Added = {2017-10-24 09:55:57 +0000},
	Date-Modified = {2017-10-24 09:55:57 +0000},
	Pages = {159--174},
	Publisher = {Springer},
	Title = {The role of cognitive science in knowledge engineering},
	Year = {1992}}

@article{bader2006core,
	Author = {Bader, S and H{\"o}lldobler, S},
	Date-Added = {2017-10-23 12:12:37 +0000},
	Date-Modified = {2017-11-06 08:12:14 +0000},
	Journal = {Artificial Neural Networks--ICANN 2006},
	Pages = {1--13},
	Publisher = {Springer},
	Title = {The core method: Connectionist model generation},
	Year = {2006}}

@inproceedings{holldobler2009logics,
	Author = {H{\"o}lldobler, Steffen and Ramli, Carroline DP Kencana},
	Booktitle = {International Conference on Artificial Neural Networks},
	Date-Added = {2017-10-23 12:11:30 +0000},
	Date-Modified = {2017-11-06 07:56:07 +0000},
	Organization = {Springer},
	Pages = {85--94},
	Title = {Logics and networks for human reasoning},
	Year = {2009}}

@book{medsker1999recurrent,
	Author = {Medsker, Larry and Jain, Lakhmi C},
	Date-Added = {2017-10-22 23:30:38 +0000},
	Date-Modified = {2017-10-22 23:30:38 +0000},
	Publisher = {CRC press},
	Title = {Recurrent neural networks: design and applications},
	Year = {1999}}

@book{hertz1991introduction,
	Author = {Hertz, John A and Krogh, Anders S and Palmer, Richard G},
	Date-Added = {2017-10-22 23:27:39 +0000},
	Date-Modified = {2017-10-22 23:27:39 +0000},
	Publisher = {Basic Books},
	Title = {Introduction to the theory of neural computation},
	Volume = {1},
	Year = {1991}}

@book{rips1994psychology,
	Author = {Rips, Lance J},
	Date-Added = {2017-10-22 11:27:25 +0000},
	Date-Modified = {2017-10-22 11:27:25 +0000},
	Publisher = {Mit Press},
	Title = {The psychology of proof: Deductive reasoning in human thinking},
	Year = {1994}}

@book{johnson1983mental,
	Author = {Johnson-Laird, PN},
	Date-Added = {2017-10-22 11:26:12 +0000},
	Date-Modified = {2017-11-06 07:57:40 +0000},
	Number = {6},
	Publisher = {Harvard University Press},
	Title = {Mental models: Towards a cognitive science of language, inference, and consciousness},
	Year = {1983}}

@article{polk1995deduction,
	Author = {Polk, Thad A and Newell, Allen},
	Date-Added = {2017-10-22 11:23:24 +0000},
	Date-Modified = {2017-10-22 11:23:24 +0000},
	Journal = {Psychological Review},
	Number = {3},
	Pages = {533},
	Publisher = {American Psychological Association},
	Title = {Deduction as verbal reasoning.},
	Volume = {102},
	Year = {1995}}

@article{da2017computational,
	Author = {da Costa, Ana Oliveira and Saldanha, Emmanuelle-Anna Dietz and H{\"o}lldobler, Steffen and Ragni, Marco},
	Date-Added = {2017-10-22 11:09:43 +0000},
	Date-Modified = {2017-10-22 11:09:43 +0000},
	Title = {A computational logic approach to human syllogistic reasoning},
	Year = {2017}}

@misc{khemlani2012theories,
	Author = {Khemlani, Sangeet and Johnson-Laird, PN},
	Date-Added = {2017-10-22 10:25:26 +0000},
	Date-Modified = {2017-10-22 10:25:26 +0000},
	Publisher = {American Psychological Association},
	Title = {Theories of the syllogism: A meta-analysis.},
	Year = {2012}}

@inproceedings{saldanha1872contextual,
	Author = {Saldanha, Emmanuelle-Anna Dietz and H{\"o}lldobler, Steffen and Philipp, Tobias},
	Booktitle = {Proceedings of the 4th International Workshop on Defeasible and Ampliative Reasoning (DARe) co-located with the 14th International Conference on Logic Programming and Nonmonotonic Reasoning (LPNMR)},
	Date-Added = {2017-10-21 19:06:43 +0000},
	Date-Modified = {2017-10-23 12:34:48 +0000},
	Pages = {58--70},
	Title = {Contextual abduction and its complexity issues},
	Volume = {1872},
	Year = {2017}}

@book{papadimitriou2003computational,
	Author = {Papadimitriou, Christos H},
	Date-Added = {2017-10-21 19:01:24 +0000},
	Date-Modified = {2017-10-21 19:01:24 +0000},
	Publisher = {John Wiley and Sons Ltd.},
	Title = {Computational complexity},
	Year = {2003}}

@book{byrne2007rational,
	Author = {Byrne, Ruth M J},
	Date-Added = {2017-10-18 15:05:40 +0000},
	Date-Modified = {2017-10-18 15:05:40 +0000},
	Publisher = {MIT press},
	Title = {The rational imagination: How people create alternatives to reality},
	Year = {2007}}

@conference{saldanhaobligation,
	Author = {Saldanha, Emmanuelle-Anna Dietz and H{\"o}lldobler, Steffen and Rocha, Isabelly Lour{\^e}do},
	Booktitle = {YSIP2},
	Date-Added = {2017-10-18 14:44:22 +0000},
	Date-Modified = {2017-11-06 08:11:50 +0000},
	Editor = {H{\"o}lldobler, S and Malikov, A and Wernhard, C},
	Journal = {Young Scientist's Second International Workshop on Trends in Information Processing (YSIP2)},
	Organization = {CEUR-WS.org},
	Pages = {55--64},
	Title = {Obligation versus Factual Conditionals under the Weak Completion Semantics},
	Volume = {1837},
	Year = {2017}}

@book{kowalski2011computational,
	Author = {Kowalski, Robert},
	Date-Added = {2017-10-17 21:31:46 +0000},
	Date-Modified = {2017-10-17 21:31:46 +0000},
	Publisher = {Cambridge University Press},
	Title = {Computational logic and human thinking: how to be artificially intelligent},
	Year = {2011}}

@article{griggs1982elusive,
	Author = {Griggs, Richard A and Cox, James R},
	Date-Added = {2017-10-17 21:30:27 +0000},
	Date-Modified = {2017-10-17 21:30:27 +0000},
	Journal = {British Journal of Psychology},
	Number = {3},
	Pages = {407--420},
	Publisher = {Wiley Online Library},
	Title = {The elusive thematic-materials effect in Wason's selection task},
	Volume = {73},
	Year = {1982}}

@article{dieussaert2000strategies,
	Author = {Dieussaert, Kristien and Schaeken, Walter and Schroyens, Walter and d'Ydewalle, G{\'e}ry},
	Date-Added = {2017-10-17 20:31:59 +0000},
	Date-Modified = {2017-10-17 20:31:59 +0000},
	Journal = {Thinking \& reasoning},
	Number = {2},
	Pages = {125--160},
	Publisher = {Taylor \& Francis},
	Title = {Strategies during complex conditional inferences},
	Volume = {6},
	Year = {2000}}

@article{byrne1989suppressing,
	Author = {Byrne, Ruth M J},
	Date-Added = {2017-10-17 18:59:05 +0000},
	Date-Modified = {2017-11-06 08:12:22 +0000},
	Journal = {Cognition},
	Number = {1},
	Pages = {61--83},
	Publisher = {Elsevier},
	Title = {Suppressing valid inferences with conditionals},
	Volume = {31},
	Year = {1989}}

@misc{rougier2012,
	Author = {Nicolas, P. Rougier},
	Commit = {8eb98f4a8cc89a5fce45a9bd23ace25c9478a19c},
	Date-Added = {2017-10-13 15:41:30 +0000},
	Date-Modified = {2017-10-13 15:41:30 +0000},
	Howpublished = {\url{https://github.com/rougier/neural-networks}},
	Journal = {GitHub repository},
	Publisher = {GitHub},
	Title = {neural-networks},
	Year = {2012}}

@misc{rumelhart1986parallel,
	Author = {Rumelhart, David E and Mcclelland, James L},
	Date-Added = {2017-10-12 13:50:09 +0000},
	Date-Modified = {2017-10-12 13:50:09 +0000},
	Publisher = {MIT Press, August},
	Title = {Parallel distributed processing: Explorations in the microstructure of cognition: Foundations (Parallel distributed processing)},
	Year = {1986}}

@article{rumelhart1981parallel,
	Author = {Rumelhart, DE and Norman, DA},
	Date-Added = {2017-10-12 13:46:54 +0000},
	Date-Modified = {2017-10-12 13:46:54 +0000},
	Journal = {Hinton and Anderson},
	Title = {Parallel associative models of memory: Where do they fit},
	Volume = {45},
	Year = {1981}}

@article{jordan1997serial,
	Author = {Jordan, Michael I},
	Date-Added = {2017-10-12 11:54:59 +0000},
	Date-Modified = {2017-10-12 11:54:59 +0000},
	Journal = {Advances in psychology},
	Pages = {471--495},
	Publisher = {Elsevier},
	Title = {Serial order: A parallel distributed processing approach},
	Volume = {121},
	Year = {1997}}

@misc{moore1956gedanken,
	Author = {Moore, Edward F},
	Date-Added = {2017-10-11 08:47:09 +0000},
	Date-Modified = {2017-10-11 08:47:09 +0000},
	Publisher = {Princeton University Press.[JTT]},
	Title = {Gedanken-experiments on sequential machines. Automata studies, annals of mathematical studies, No. 34},
	Year = {1956}}

@book{rumelhart1986leanrning,
	Author = {Rumelhart, David E and Hinton, Geoffrey E and Williams, Ronald J},
	Date-Added = {2017-10-10 19:28:28 +0000},
	Date-Modified = {2017-10-10 19:28:28 +0000},
	Publisher = {na},
	Title = {Leanrning representations by back-propagating errors},
	Year = {1986}}

@article{apt1982contributions,
	Author = {Apt, Krzysztof R and Van Emden, Maarten H},
	Date-Added = {2017-09-28 09:43:55 +0000},
	Date-Modified = {2017-09-28 09:43:55 +0000},
	Journal = {Journal of the ACM (JACM)},
	Number = {3},
	Pages = {841--862},
	Publisher = {ACM},
	Title = {Contributions to the theory of logic programming},
	Volume = {29},
	Year = {1982}}

@inproceedings{ruiz1994computing,
	Author = {Ruiz, Carolina and Minker, Jack},
	Booktitle = {International Workshop on Non-monotonic Extensions of Logic Programming},
	Date-Added = {2017-09-27 17:31:26 +0000},
	Date-Modified = {2017-09-27 17:31:26 +0000},
	Organization = {Springer},
	Pages = {205--229},
	Title = {Computing stable and partial stable models of extended disjunctive logic programs},
	Year = {1994}}

@book{lloyd2012foundations,
	Author = {Lloyd, John W},
	Date-Added = {2017-09-26 13:12:57 +0000},
	Date-Modified = {2017-09-26 13:12:57 +0000},
	Publisher = {Springer Science \& Business Media},
	Title = {Foundations of logic programming},
	Year = {2012}}

@article{lukasiewicz1968three,
	Author = {{\L}ukasiewicz, Jan},
	Date-Added = {2017-09-26 12:50:04 +0000},
	Date-Modified = {2017-09-26 12:50:04 +0000},
	Journal = {The Polish Review},
	Pages = {43--44},
	Publisher = {JSTOR},
	Title = {On three-valued logic},
	Year = {1968}}

@article{corepaper,
	Author = {Emmanuelle-Anna Dietz Saldanha and Steffen H{\"o}lldobler and Carroline DP Kencana Ramli Kencana Ramli and Luis Palacios Medinacelli},
	Date-Added = {2017-09-22 07:47:50 +0000},
	Date-Modified = {2017-11-06 07:56:46 +0000},
	Journal = {Journal of Artificial Intelligence Research (accepted)},
	Title = {A Core Method for the Weak Completion Semantics with Skeptical Abduction},
	Year = {2017}}

@article{wason1968reasoning,
	Author = {Wason, Peter C},
	Date-Added = {2017-09-20 09:26:38 +0000},
	Date-Modified = {2017-09-20 09:26:38 +0000},
	Journal = {The Quarterly journal of experimental psychology},
	Number = {3},
	Pages = {273--281},
	Publisher = {Taylor \& Francis},
	Title = {Reasoning about a rule},
	Volume = {20},
	Year = {1968}}

@inproceedings{ragni2016two,
	Author = {Ragni, M and Dietz, E A and Kola, I and H{\"o}lldobler, S},
	Booktitle = {Bridging 2016 -- Bridging the Gap between Human and Automated Reasoning},
	Date-Added = {2017-09-20 08:54:38 +0000},
	Date-Modified = {2017-11-06 08:10:02 +0000},
	Editor = {U. Furbach and C. Schon},
	Pages = {61--73},
	Publisher = {CEUR-WS.org},
	Series = {CEUR Workshop Proceedings},
	Title = {Two-Valued Logic is Not Sufficient to Model Human Reasoning, but Three-Valued Logic is: A Formal Analysis.},
	Year = {2016}}

@book{stenning2012human,
	Author = {Stenning, Keith and Van Lambalgen, Michiel},
	Date-Added = {2017-09-15 12:41:22 +0000},
	Date-Modified = {2017-09-15 12:41:22 +0000},
	Publisher = {MIT Press},
	Title = {Human reasoning and cognitive science},
	Year = {2012}}

@incollection{clark1978negation,
	Author = {Clark, Keith L},
	Booktitle = {Logic and data bases},
	Date-Added = {2017-09-15 12:38:53 +0000},
	Date-Modified = {2017-09-15 12:38:53 +0000},
	Pages = {293--322},
	Publisher = {Springer},
	Title = {Negation as failure},
	Year = {1978}}

@article{fitting1985kripke,
	Author = {Fitting, Melvin},
	Date-Added = {2017-09-15 11:58:55 +0000},
	Date-Modified = {2017-09-15 11:58:55 +0000},
	Journal = {The Journal of Logic Programming},
	Number = {4},
	Pages = {295--312},
	Publisher = {Elsevier},
	Title = {A Kripke-Kleene semantics for logic programs},
	Volume = {2},
	Year = {1985}}

@book{kleene1952introduction,
	Author = {Kleene, Stephen Cole and de Bruijn, NG and de Groot, J and Zaanen, Adriaan Cornelis},
	Date-Added = {2017-09-15 11:57:36 +0000},
	Date-Modified = {2017-09-15 11:59:56 +0000},
	Publisher = {van Nostrand New York},
	Title = {Introduction to metamathematics},
	Volume = {483},
	Year = {1952}}

@book{fausett1994fundamentals,
	Author = {Fausett, Laurene and Fausett, Laurene},
	Date-Added = {2017-09-04 13:18:21 +0000},
	Date-Modified = {2017-09-04 13:18:21 +0000},
	Number = {006.3},
	Publisher = {Prentice-Hall,},
	Title = {Fundamentals of neural networks: architectures, algorithms, and applications},
	Year = {1994}}

@article{elman1989representation,
	Author = {Elman, Jeffrey L},
	Date-Added = {2017-08-02 14:56:23 +0000},
	Date-Modified = {2017-08-02 15:02:18 +0000},
	Institution = {CALIFORNIA UNIV SAN DIEGO LA JOLLA CENTER FOR RESEARCH IN LANGUAGE},
	Title = {Representation and structure in connectionist models},
	Year = {1989}}

@article{holldobler2009logic,
	Author = {H{\"o}lldobler, Steffen and Ramli, Carroline DP Kencana},
	Booktitle = {International Conference on Logic Programming},
	Date-Added = {2017-06-21 08:15:25 +0000},
	Date-Modified = {2017-11-06 07:56:57 +0000},
	Organization = {Springer},
	Pages = {464--478},
	Title = {Logic programs under three-valued {\L}ukasiewicz semantics},
	Year = {2009}}

@article{rumelhart1986general,
	Author = {Rumelhart, David E and Hinton, Geoffrey E and McClelland, James L and others},
	Date-Added = {2017-06-20 12:06:36 +0000},
	Date-Modified = {2017-06-20 12:06:36 +0000},
	Journal = {Parallel distributed processing: Explorations in the microstructure of cognition},
	Pages = {45--76},
	Title = {A general framework for parallel distributed processing},
	Volume = {1},
	Year = {1986}}

@article{mcculloch1943logical,
	Author = {McCulloch, Warren S and Pitts, Walter},
	Date-Added = {2017-06-20 12:05:05 +0000},
	Date-Modified = {2017-06-20 12:05:05 +0000},
	Journal = {The bulletin of mathematical biophysics},
	Number = {4},
	Pages = {115--133},
	Publisher = {Springer},
	Title = {A logical calculus of the ideas immanent in nervous activity},
	Volume = {5},
	Year = {1943}}

@article{feldman1982connectionist,
	Author = {Feldman, Jerome A and Ballard, Dana H},
	Date-Added = {2017-06-20 12:00:46 +0000},
	Date-Modified = {2017-06-20 12:00:46 +0000},
	Journal = {Cognitive science},
	Number = {3},
	Pages = {205--254},
	Publisher = {Wiley Online Library},
	Title = {Connectionist models and their properties},
	Volume = {6},
	Year = {1982}}

@article{elman1990finding,
	Author = {Elman, Jeffrey L},
	Date-Added = {2017-06-10 11:46:01 +0000},
	Date-Modified = {2017-09-15 13:46:42 +0000},
	Journal = {Cognitive science},
	Number = {2},
	Pages = {179--211},
	Publisher = {Wiley Online Library},
	Title = {Finding structure in time},
	Volume = {14},
	Year = {1990}}
